<record><leader>00000cas a22000007a 4500</leader><controlfield tag="001">12877354</controlfield><controlfield tag="008">851206d19001916wvuwr ne      0    0eng d</controlfield><datafield ind1=" " ind2=" " tag="010"><subfield code="a">sn 85059743 </subfield></datafield><datafield ind1=" " ind2=" " tag="040"><subfield code="a">WVC</subfield><subfield code="b">eng</subfield><subfield code="c">WVC</subfield><subfield code="d">OCL</subfield><subfield code="d">OCLCQ</subfield></datafield><datafield ind1=" " ind2=" " tag="042"><subfield code="a">msc</subfield></datafield><datafield ind1="0" ind2="4" tag="245"><subfield code="a">The Salem express.</subfield></datafield><datafield ind1=" " ind2=" " tag="260"><subfield code="a">Salem, W. Va. :</subfield><subfield code="b">Salem Express Pub. Co.</subfield></datafield><datafield ind1=" " ind2=" " tag="300"><subfield code="a">v.</subfield></datafield><datafield ind1=" " ind2=" " tag="310"><subfield code="a">Weekly (except during Christmas week)</subfield></datafield><datafield ind1="1" ind2=" " tag="362"><subfield code="a">Began in 1900; ceased in 1916.</subfield></datafield><datafield ind1=" " ind2=" " tag="500"><subfield code="a">"Temperance."</subfield></datafield><datafield ind1=" " ind2=" " tag="580"><subfield code="a">Merged with: Salem herald, to form: Herald-express.</subfield></datafield><datafield ind1=" " ind2=" " tag="588"><subfield code="a">Description based on: Vol. 12, no. 37 (Apr. 26, 1912).</subfield></datafield><datafield ind1=" " ind2=" " tag="752"><subfield code="a">United States</subfield><subfield code="b">West Virginia</subfield><subfield code="c">Harrison</subfield><subfield code="d">Bridgeport.</subfield></datafield><datafield ind1="0" ind2="7" tag="785"><subfield code="t">Salem herald (Salem, W. Va. : 1898)</subfield><subfield code="w">(DLC)sn 85059744</subfield></datafield><datafield ind1="0" ind2="7" tag="785"><subfield code="t">Herald-express</subfield><subfield code="w">(DLC)sn 85059745</subfield></datafield></record>